<record><leader>00000cas a22000007a 4500</leader><controlfield tag="001">18952227</controlfield><controlfield tag="008">881229d19771978iduwr ne      0    0eng d</controlfield><datafield ind1=" " ind2=" " tag="010"><subfield code="a">sn 88056171 </subfield></datafield><datafield ind1=" " ind2=" " tag="040"><subfield code="a">NVB</subfield><subfield code="b">eng</subfield><subfield code="c">NVB</subfield><subfield code="d">NSD</subfield><subfield code="d">OCLCQ</subfield><subfield code="d">OCLCF</subfield><subfield code="d">OCLCO</subfield></datafield><datafield ind1=" " ind2=" " tag="042"><subfield code="a">msc</subfield></datafield><datafield ind1=" " ind2=" " tag="043"><subfield code="a">n-us-id</subfield></datafield><datafield ind1="0" ind2="4" tag="245"><subfield code="a">The Council record.</subfield></datafield><datafield ind1=" " ind2=" " tag="260"><subfield code="a">Council, Idaho :</subfield><subfield code="b">A.J. Longtin</subfield></datafield><datafield ind1=" " ind2=" " tag="300"><subfield code="a">v.</subfield></datafield><datafield ind1=" " ind2=" " tag="310"><subfield code="a">Weekly</subfield></datafield><datafield ind1="1" ind2=" " tag="362"><subfield code="a">Began in 1977.</subfield></datafield><datafield ind1="0" ind2=" " tag="362"><subfield code="a">-v. 2, issue 10 (Aug. 30, 1978).</subfield></datafield><datafield ind1=" " ind2=" " tag="588"><subfield code="a">Description based on: Vol. 1, no. 28 (Jan. 4, 1978).</subfield></datafield><datafield ind1=" " ind2="0" tag="651"><subfield code="a">Council (Idaho)</subfield><subfield code="v">Newspapers.</subfield></datafield><datafield ind1=" " ind2="7" tag="655"><subfield code="a">Newspapers.</subfield><subfield code="2">fast</subfield><subfield code="0">(OCoLC)fst01423814</subfield></datafield><datafield ind1=" " ind2="7" tag="651"><subfield code="a">Idaho</subfield><subfield code="z">Council.</subfield><subfield code="2">fast</subfield><subfield code="0">(OCoLC)fst01203278</subfield></datafield><datafield ind1=" " ind2=" " tag="752"><subfield code="a">United States</subfield><subfield code="b">Idaho</subfield><subfield code="c">Adams</subfield><subfield code="d">Council.</subfield></datafield><datafield ind1="0" ind2="0" tag="785"><subfield code="t">Record (Council, Idaho)</subfield><subfield code="x">1080-6822</subfield><subfield code="w">(DLC)sn 88056172</subfield></datafield></record>